<record><leader>00000cas a2200000 a 4500</leader><controlfield tag="001">7919361</controlfield><controlfield tag="007">hd afu---bucu</controlfield><controlfield tag="007">hd bfu---bubu</controlfield><controlfield tag="008">811110d17991805ohuwr nea     0   a0eng c</controlfield><datafield ind1=" " ind2=" " tag="010"><subfield code="a">  2013252361</subfield></datafield><datafield ind1=" " ind2=" " tag="040"><subfield code="a">OHT</subfield><subfield code="b">eng</subfield><subfield code="c">OHT</subfield><subfield code="d">WAU</subfield><subfield code="d">OCLCF</subfield><subfield code="d">OCLCQ</subfield></datafield><datafield ind1=" " ind2=" " tag="042"><subfield code="a">pcc</subfield></datafield><datafield ind1=" " ind2=" " tag="043"><subfield code="a">n-us-oh</subfield></datafield><datafield ind1="0" ind2="4" tag="245"><subfield code="a">The Western spy, and Hamilton gazette.</subfield></datafield><datafield ind1=" " ind2=" " tag="260"><subfield code="a">Cincinnati :</subfield><subfield code="b">Joseph Carpenter,</subfield><subfield code="c">1799-1805.</subfield></datafield><datafield ind1=" " ind2=" " tag="300"><subfield code="a">volumes :</subfield><subfield code="b">illustrations</subfield></datafield><datafield ind1=" " ind2=" " tag="310"><subfield code="a">Weekly</subfield></datafield><datafield ind1=" " ind2=" " tag="336"><subfield code="a">text</subfield><subfield code="b">txt</subfield><subfield code="2">rdacontent</subfield></datafield><datafield ind1=" " ind2=" " tag="337"><subfield code="a">microform</subfield><subfield code="b">h</subfield><subfield code="2">rdamedia</subfield></datafield><datafield ind1=" " ind2=" " tag="338"><subfield code="a">microfilm reel</subfield><subfield code="b">hd</subfield><subfield code="2">rdacarrier</subfield></datafield><datafield ind1="1" ind2=" " tag="362"><subfield code="a">Began with: Vol. 1, no. 1 (May 28, 1799); ceased with: v. 7, no. 5 (Aug. 28, 1805).</subfield></datafield><datafield ind1=" " ind2=" " tag="500"><subfield code="a">Publisher varies.</subfield></datafield><datafield ind1=" " ind2=" " tag="515"><subfield code="a">Suspended Apr. 16-May 21, 1800; June 10-24, 1801.</subfield></datafield><datafield ind1=" " ind2=" " tag="515"><subfield code="a">Vols. also carry whole numbering, no. 1-317.</subfield></datafield><datafield ind1=" " ind2=" " tag="588"><subfield code="a">Description based on: Vol. 1, no. 1 (May 28, 1799); title from masthead.</subfield></datafield><datafield ind1=" " ind2=" " tag="588"><subfield code="a">Latest issue consulted: Vol. 7, no. 5 (Aug. 28, 1805).</subfield></datafield><datafield ind1=" " ind2=" " tag="533"><subfield code="a">Microfilm.</subfield><subfield code="b">Cincinnati, Ohio :</subfield><subfield code="c">Filmed by Metropolitan Microfilming Co., for The Historical and Philosophical Society of Ohio,</subfield><subfield code="e">1 microfilm reel ; 35 mm. : negative.</subfield><subfield code="n">Filmed with: Western spy, and Miami gazette; Western spy; Western spy, and Cincinnati general advertiser; and: Western spy and literary cadet.</subfield></datafield><datafield ind1=" " ind2="0" tag="651"><subfield code="a">Cincinnati (Ohio)</subfield><subfield code="v">Newspapers.</subfield></datafield><datafield ind1=" " ind2="0" tag="651"><subfield code="a">Hamilton County (Ohio)</subfield><subfield code="v">Newspapers.</subfield></datafield><datafield ind1=" " ind2="7" tag="651"><subfield code="a">Ohio</subfield><subfield code="z">Cincinnati.</subfield><subfield code="2">fast</subfield><subfield code="0">(OCoLC)fst01205142</subfield></datafield><datafield ind1=" " ind2="7" tag="651"><subfield code="a">Ohio</subfield><subfield code="z">Hamilton County.</subfield><subfield code="2">fast</subfield><subfield code="0">(OCoLC)fst01205597</subfield></datafield><datafield ind1=" " ind2="7" tag="655"><subfield code="a">Newspapers.</subfield><subfield code="2">fast</subfield><subfield code="0">(OCoLC)fst01423814</subfield></datafield><datafield ind1="2" ind2=" " tag="710"><subfield code="a">Historical and Philosophical Society of Ohio.</subfield></datafield><datafield ind1=" " ind2=" " tag="752"><subfield code="a">United States</subfield><subfield code="b">Ohio</subfield><subfield code="c">Hamilton County</subfield><subfield code="d">Cincinnati.</subfield></datafield><datafield ind1="1" ind2=" " tag="776"><subfield code="t">Western spy, and Hamilton gazette</subfield><subfield code="w">(DLC)sn 83035057</subfield><subfield code="w">(OCoLC)9404742</subfield></datafield><datafield ind1="0" ind2="0" tag="785"><subfield code="t">Western spy, and Miami gazette</subfield><subfield code="w">(DLC)  2013252362</subfield><subfield code="w">(OCoLC)25735585</subfield></datafield></record>